@article{assouline2015dual,
  title={The dual role of soil crusts in desertification},
  author={Assouline, S and Thompson, SE and Chen, L and Svoray, T and Sela, S and Katul, GG},
  journal={Journal of Geophysical Research: Biogeosciences},
  volume={120},
  number={10},
  pages={2108--2119},
  year={2015},
  publisher={Wiley Online Library}
}


@article{abrahams1994resistance,
  title={Resistance to overland flow on semiarid grassland and shrubland hillslopes, Walnut Gulch, southern Arizona},
  author={Abrahams, Athol D and Parsons, Anthony J and Wainwright, John},
  journal={Journal of Hydrology},
  volume={156},
  number={1-4},
  pages={431--446},
  year={1994},
  publisher={Elsevier}
}

@article{bracken2008,
  title={The relationship between rainfall inputs and flood generation in south--east Spain},
  author={Bracken, LJ and Cox, NJ and Shannon, J},
  journal={Hydrological Processes: An International Journal},
  volume={22},
  number={5},
  pages={683--696},
  year={2008},
  publisher={Wiley Online Library}
}

@article{bradford2001finite,
  title={Finite volume model for nonlevel basin irrigation},
  author={Bradford, Scott F and Katopodes, Nikolaos D},
  journal={Journal of irrigation and drainage engineering},
  volume={127},
  number={4},
  pages={216--223},
  year={2001},
  publisher={American Society of Civil Engineers}
}
@book{brutsaert2005hydrology,
  title={Hydrology: an introduction},
  author={Brutsaert, Wilfried},
  year={2005},
  publisher={Cambridge University Press}
}


@article{canton2011review,
  title={A review of runoff generation and soil erosion across scales in semiarid south-eastern Spain},
  author={Cant{\'o}n, Yolanda and Sol{\'e}-Benet, Albert and De Vente, J and Boix-Fayos, Carolina and Calvo-Cases, Adolfo and Asensio, C and Puigdef{\'a}bregas, Juan},
  journal={Journal of Arid Environments},
  volume={75},
  number={12},
  pages={1254--1261},
  year={2011},
  publisher={Elsevier}
}

@article{cea2014experimental,
  title={Experimental validation of a 2D overland flow model using high resolution water depth and velocity data},
  author={Cea, Luis and Legout, C{\'e}dric and Darboux, Fr{\'e}d{\'e}ric and Esteves, Michel and Nord, Guillaume},
  journal={Journal of hydrology},
  volume={513},
  pages={142--153},
  year={2014},
  publisher={Elsevier}
}


@article{celia1990general,
  title={A general mass-conservative numerical solution for the unsaturated flow equation},
  author={Celia, Michael A and Bouloutas, Efthimios T and Zarba, Rebecca L},
  journal={Water resources research},
  volume={26},
  number={7},
  pages={1483--1496},
  year={1990},
  publisher={Wiley Online Library}
}


@article{chen1991unified,
  title={Unified theory on power laws for flow resistance},
  author={Chen, Cheng-lung},
  journal={Journal of Hydraulic Engineering},
  volume={117},
  number={3},
  pages={371--389},
  year={1991},
  publisher={American Society of Civil Engineers}
}

@article{chen2013role,
  title={The role of soil-surface sealing, microtopography, and vegetation patches in rainfall-runoff processes in semiarid areas},
  author={Chen, Lin and Sela, Shai and Svoray, Tal and Assouline, Schmuel},
  journal={Water Resources Research},
  volume={49},
  number={9},
  pages={5585--5599},
  year={2013},
  publisher={Wiley Online Library}
}

@article{cheng2010hydraulic,
  title={Hydraulic radius for evaluating resistance induced by simulated emergent vegetation in open-channel flows},
  author={Cheng, Nian-Sheng and Nguyen, Hoai Thanh},
  journal={Journal of Hydraulic Engineering},
  volume={137},
  number={9},
  pages={995--1004},
  year={2010},
  publisher={American Society of Civil Engineers}
}




@article{descroix2007,
  title={Investigating the spatial and temporal boundaries of Hortonian and Hewlettian runoff in Northern Mexico},
  author={Descroix, Luc and Viramontes, David and Estrada, Juan and Barrios, Jos{\'e}-Luis Gonzalez and Asseline, Jean},
  journal={Journal of hydrology},
  volume={346},
  number={3-4},
  pages={144--158},
  year={2007},
  publisher={Elsevier}
}

@article{dunkerley2001estimating,
  title={Estimating the mean speed of laminar overland flow using dye injection-uncertainty on rough surfaces},
  author={Dunkerley, David},
  journal={Earth Surface Processes and Landforms},
  volume={26},
  number={4},
  pages={363--374},
  year={2001},
  publisher={Wiley Online Library}
}


@article{dunkerley2003determining,
  title={Determining friction coefficients for interrill flows: the significance of flow filaments and backwater effects},
  author={Dunkerley, David L},
  journal={Earth Surface Processes and Landforms: The Journal of the British Geomorphological Research Group},
  volume={28},
  number={5},
  pages={475--491},
  year={2003},
  publisher={Wiley Online Library}
}

@article{dunne1983relation,
  title={Relation of field studies and modeling in the prediction of storm runoff},
  author={Dunne, Thomas},
  journal={Journal of Hydrology},
  volume={65},
  number={1-3},
  pages={25--48},
  year={1983},
  publisher={Elsevier}
}

@article{ferguson2007flow,
  title={Flow resistance equations for gravel-and boulder-bed streams},
  author={Ferguson, Rob},
  journal={Water resources research},
  volume={43},
  number={5},
  year={2007},
  publisher={Wiley Online Library}
}


@article{GW1996,
title={Analytical integration of the kinematic equation for runoff on a plane under constant rainfall rate and Smith and Parlange Infiltration},
author={Giraldez, J.V. and Woolhiser, D.A.},
journal={Water Resources Research},
number={32},
pages={3385-3389},
year={1996}}

@article{hallema2016surface,
  title={Surface storm flow prediction on hillslopes based on topography and hydrologic connectivity},
  author={Hallema, Dennis W and Moussa, Roger and Sun, Ge and McNulty, Steven G},
  journal={Ecological Processes},
  volume={5},
  number={1},
  pages={13},
  year={2016},
  publisher={SpringerOpen}
}


@inproceedings{horton1938interpretation,
  title={The interpretation and application of runoff plot experiments with reference to soil erosion problems},
  author={Horton, Robert E},
  booktitle={Soil Science Society of America Proceedings},
  volume={3},
  pages={340--349},
  year={1938}
}

@article{lawrence1997,
  title={Macroscale surface roughness and frictional resistance in overland flow},
  author={Lawrence, DSL},
  journal={Earth Surface Processes and Landforms: The Journal of the British Geomorphological Group},
  volume={22},
  number={4},
  pages={365--382},
  year={1997},
  publisher={Wiley Online Library}
}

@article{lawrence2000hydraulic,
  title={Hydraulic resistance in overland flow during partial and marginal surface inundation: Experimental observations and modeling},
  author={Lawrence, DSL},
  journal={Water Resources Research},
  volume={36},
  number={8},
  pages={2381--2393},
  year={2000},
  publisher={Wiley Online Library}
}


@article{legout2012high,
  title={High spatial resolution mapping of surface velocities and depths for shallow overland flow},
  author={Legout, C{\'e}dric and Darboux, Fr{\'e}d{\'e}ric and N{\'e}d{\'e}lec, Yves and Hauet, Alexandre and Esteves, Michel and Renaux, Bernard and Denis, Herv{\'e} and Cordier, St{\'e}phane},
  journal={Earth Surface Processes and Landforms},
  volume={37},
  number={9},
  pages={984--993},
  year={2012},
  publisher={Wiley Online Library}
}

@article{kim2012hydraulic,
  title={Hydraulic resistance to overland flow on surfaces with partially submerged vegetation},
  author={Kim, Jongho and Ivanov, Valeriy Y and Katopodes, Nikolaos D},
  journal={Water Resources Research},
  volume={48},
  number={10},
  year={2012},
  publisher={Wiley Online Library}
}

@article{kirstetter2016modeling,
  title={Modeling rain-driven overland flow: Empirical versus analytical friction terms in the shallow water approximation},
  author={Kirstetter, Geoffroy and Hu, Jie and Delestre, Olivier and Darboux, Fr{\'e}d{\'e}ric and Lagr{\'e}e, P-Y and Popinet, St{\'e}phane and Fullana, Jose-Maria and Josserand, Christophe},
  journal={Journal of Hydrology},
  volume={536},
  pages={1--9},
  year={2016},
  publisher={Elsevier}
}


@article{li2014,
  title={Functional approach to exploring climatic and landscape controls of runoff generation: 1. Behavioral constraints on runoff volume},
  author={Li, Hong-Yi and Sivapalan, Murugesu and Tian, Fuqiang and Harman, Ciaran},
  journal={Water Resources Research},
  volume={50},
  number={12},
  pages={9300--9322},
  year={2014},
  publisher={Wiley Online Library}
}



@article{jain2004gis,
  title={A GIS based distributed rainfall--runoff model},
  author={Jain, Manoj K and Kothyari, Umesh C and Raju, Kittur G Ranga},
  journal={Journal of Hydrology},
  volume={299},
  number={1-2},
  pages={107--135},
  year={2004},
  publisher={Elsevier}
}

@article{james2004flow,
  title={Flow resistance of emergent vegetation},
  author={James, CS and Birkhead, AL and Jordanova, AA and O'sullivan, JJ},
  journal={Journal of Hydraulic Research},
  volume={42},
  number={4},
  pages={390--398},
  year={2004},
  publisher={Taylor \& Francis Group}
}

@article{jarvela2002flow,
  title={Flow resistance of flexible and stiff vegetation: a flume study with natural plants},
  author={J{\"a}rvel{\"a}, Juha},
  journal={Journal of hydrology},
  volume={269},
  number={1-2},
  pages={44--54},
  year={2002},
  publisher={Elsevier}
}


@article{katul2011flow,
  title={A flow resistance model for assessing the impact of vegetation on flood routing mechanics},
  author={Katul, Gabriel G and Poggi, Davide and Ridolfi, Luca},
  journal={Water Resources Research},
  volume={47},
  number={8},
  year={2011},
  publisher={Wiley Online Library}
}


@article{maheshwari1992suitability,
  title={Suitability of different flow equations and hydraulic resistance parameters for flows in surface irrigation: A review},
  author={Maheshwari, BL},
  journal={Water resources research},
  volume={28},
  number={8},
  pages={2059--2066},
  year={1992},
  publisher={Wiley Online Library}
}

@article{mugler2011comparison,
  title={Comparison of roughness models to simulate overland flow and tracer transport experiments under simulated rainfall at plot scale},
  author={M{\"u}gler, C and Planchon, Olivier and Patin, J and Weill, Sylvain and Silvera, Norbert and Richard, Patrick and Mouche, E},
  journal={Journal of Hydrology},
  volume={402},
  number={1-2},
  pages={25--40},
  year={2011},
  publisher={Elsevier}
}


@article{nepf1999drag,
  title={Drag, turbulence, and diffusion in flow through emergent vegetation},
  author={Nepf, HM},
  journal={Water resources research},
  volume={35},
  number={2},
  pages={479--489},
  year={1999},
  publisher={Wiley Online Library}
}




@article{ozgen2015upscaling,
  title={Upscaling shallow water models for overland ow using roughness formulations},
  author={{\"O}zgen, Ilhan and Teuber, Katharina and Simons, Franz and Liang, Dongfang and Hinkelmann, Reinhard},
  year={2015},
  publisher={Springer}
}

@article{pan2016overland,
  title={Overland flow resistances on varying slope gradients and partitioning on grassed slopes under simulated rainfall},
  author={Pan, Chengzhong and Ma, Lan and Wainwright, John and Shangguan, Zhouping},
  journal={Water Resources Research},
  volume={52},
  number={4},
  pages={2490--2512},
  year={2016},
  publisher={Wiley Online Library}
}


@article{razafison2012shallow,
  title={A shallow water model for the numerical simulation of overland flow on surfaces with ridges and furrows},
  author={Razafison, Ulrich and Cordier, Stephane and Delestre, Olivier and Darboux, Fr{\'e}d{\'e}ric and Lucas, Carine and James, Francois},
  journal={European Journal of Mechanics-B/Fluids},
  volume={31},
  pages={44--52},
  year={2012},
  publisher={Elsevier}
}



@article{smith2007applying,
  title={Applying flow resistance equations to overland flows},
  author={Smith, Mark W and Cox, Nicholas J and Bracken, Louise J},
  journal={Progress in Physical Geography},
  volume={31},
  number={4},
  pages={363--387},
  year={2007},
  publisher={Sage Publications Sage UK: London, England}
}

@article{smith2014roughness,
  title={Roughness in the earth sciences},
  author={Smith, Mark W},
  journal={Earth-Science Reviews},
  volume={136},
  pages={202--225},
  year={2014},
  publisher={Elsevier}
}

@article{tanino2008laboratory,
  title={Laboratory investigation of mean drag in a random array of rigid, emergent cylinders},
  author={Tanino, Yukie and Nepf, Heidi M},
  journal={Journal of Hydraulic Engineering},
  volume={134},
  number={1},
  pages={34--41},
  year={2008},
  publisher={American Society of Civil Engineers}
}

@article{tatard2008measurement,
  title={Measurement and modelling of high-resolution flow-velocity data under simulated rainfall on a low-slope sandy soil},
  author={Tatard, Lucile and Planchon, Olivier and Wainwright, John and Nord, Guillaume and Favis-Mortlock, David and Silvera, Norbert and Ribolzi, Olivier and Esteves, Michel and Huang, Chi Hua},
  journal={Journal of Hydrology},
  volume={348},
  number={1-2},
  pages={1--12},
  year={2008},
  publisher={Elsevier}
}

@article{thompson2010vegetation,
  title={Vegetation-infiltration relationships across climatic and soil type gradients},
  author={Thompson, SE and Harman, CJ and Heine, P and Katul, GG},
  journal={Journal of Geophysical Research: Biogeosciences},
  volume={115},
  number={G2},
  year={2010},
  publisher={Wiley Online Library}
}

@article{wang2015steady,
  title={Steady nonuniform shallow flow within emergent vegetation},
  author={Wang, Wei-Jie and Huai, Wen-Xin and Thompson, Sally and Katul, Gabriel G},
  journal={Water Resources Research},
  volume={51},
  number={12},
  pages={10047--10064},
  year={2015},
  publisher={Wiley Online Library}
}

@article{wooding1965hydraulic,
  title={A hydraulic model for the catchment-stream problem: I. Kinematic-wave theory},
  author={Wooding, Robin A},
  journal={Journal of hydrology},
  volume={3},
  number={3-4},
  pages={254--267},
  year={1965},
  publisher={Elsevier}
}

@article{woolhiser1996effects,
  title={Effects of spatial variability of saturated hydraulic conductivity on Hortonian overland flow},
  author={Woolhiser, DA and Smith, RE and Giraldez, J-V},
  journal={Water Resources Research},
  volume={32},
  number={3},
  pages={671--678},
  year={1996},
  publisher={Wiley Online Library}
}


@article{yang2017effects,
  title={Effects of simulated submerged and rigid vegetation and grain roughness on hydraulic resistance to simulated overland flow},
  author={Yang, Ping-ping and Zhang, Hui-lan and Ma, Chao},
  journal={Journal of Mountain Science},
  volume={14},
  number={10},
  pages={2042--2052},
  year={2017},
  publisher={Springer}
}

@article{zhang2014effects,
  title={Effects of patterned Artemisia capillaris on overland flow resistance under varied rainfall intensities in the Loess Plateau of China},
  author={Zhang, Guanhua and Liu, Guobin and Yi, Liang and Zhang, Pingcang},
  journal={Journal of Hydrology and Hydromechanics},
  volume={62},
  number={4},
  pages={334--342},
  year={2014},
  publisher={De Gruyter Open}
}

@article{zhang2016distributed,
  title={Distributed hydrological models for addressing effects of spatial variability of roughness on overland flow},
  author={Zhang, Sheng-tang and Liu, Yin and Li, Miao-miao and Liang, Bo},
  journal={Water Science and Engineering},
  volume={9},
  number={3},
  pages={249--255},
  year={2016},
  publisher={Elsevier}
}

@article{zheng2012relationship,
  title={Relationship between soil surface roughness and hydraulic roughness coefficient on sloping farmland},
  author={Zheng, Zi-cheng and He, Shu-qin and Wu, Fa-qi},
  journal={Water Science and Engineering},
  volume={5},
  number={2},
  pages={191--201},
  year={2012},
  publisher={Elsevier}
}
